@book{Statistik,
    author = "Jens Ledet Jensen",
    title = "Statistik viden fra data",
    publisher = "Aarhus Universitetsforlag",
    year = "2012",
    isbn = "978-87-7124-0245"
}

@book{Eldyn,
    author = "David J. Griffiths",
    title = "Introduction to Electrodynamics",
    publisher = "Cambridge",
    year = "2017",
    isbn = "978-1-108-42041-9"
}


