% References alphabetically by the first author’s last name. Include all the
% authors, the paper’s title, the name of the journal in which it was published,
% its year of publication, the volume number, and page numbers. 
@book{noteBB,
    author = "{Hans} {Paetz gen Schleck}",
    title = "Nuclear Reactions: An introduction",
    publisher = "Springer",
    year = "2014",
    number = "3",
    isbn = "978-3-642-53985-5",
}
@book{krane,
    author = "Kenneth S. Krane",
    title = "Introduction to Nuclear Physics",
    publisher = "John Wiley \& Sons",
    year = "1987",
    number = "3",
}

